
@article{fluet2006phantom,
  title={Phantom types and subtyping},
  author={Fluet, Matthew and Pucella, Riccardo},
  journal={Journal of Functional Programming},
  volume={16},
  number={06},
  pages={751--791},
  year={2006},
  publisher={Cambridge Univ Press}
}

@inproceedings{wadler1989theorems,
  title={Theorems for free!},
  author={Wadler, Philip},
  booktitle={Proceedings of the fourth international conference on Functional programming languages and computer architecture},
  pages={347--359},
  year={1989},
  organization={ACM}
}

@techreport{odersky2004overview,
  title={An overview of the Scala programming language},
  author={Odersky, Martin and Altherr, Philippe and Cremet, Vincent and Emir, Burak and Maneth, Sebastian and Micheloud, St{\'e}phane and Mihaylov, Nikolay and Schinz, Michel and Stenman, Erik and Zenger, Matthias},
  year={2004}
}

@article{leroy2014ocaml,
  title={{The OCaml system release 4.02}},
  author={Leroy, Xavier and Doligez, Damien and Frisch, Alain and Garrigue, Jacques and R{\'e}my, Didier and Vouillon, J{\'e}r{\^o}me},
  journal={Institut National de Recherche en Informatique et en Automatique},
  year={2014}
}
